% Encoding: UTF-8

@InCollection{Becker2004,
  author        = {Jörg Becker AND Roland Holten AND Ralf Knackstedt AND Björn Niehaves},
  title         = {Epistemologische Positionierungen in der Wirtschaftsinformatik am Beispiel einer konsensorientierten Informationsmodellierung},
  booktitle     = {Wissenschaftstheorie in Ökonomie und Wirtschaftsinformatik: Theoriebildung und -bewertung, Ontologien, Wissensmanagement},
  publisher     = {Deutscher Universitäts Verlag},
  year          = {2004},
  editor        = {Ulrich Frank},
  pages         = {335--366},
  address       = {Wiesbaden},
  __markedentry = {[heinrich:6]},
  owner         = {schoenbrunn},
  timestamp     = {2007.07.26},
}

@TechReport{Becker2003,
  author        = {Jörg Becker and Roland Holten and Ralf Knackstedt and Björn Niehaves},
  title         = {Forschungsmethodische Positionierung in der Wirtschaftsinformatik -- epistemologische, ontologische und linguistische Leitfragen},
  institution   = {Westfälische Wilhelms-Universität Münster. Institut für Wirtschaftsinformatik},
  year          = {2003},
  number        = {93},
  note          = {{A}bruf am 24.04.2007},
  __markedentry = {[heinrich:6]},
  file          = {ab93.pdf:D\:\\UNI\\10.Semester\\Latex\\04_Literaturrecherche\\ab93.pdf:PDF},
  howpublished  = {In: Arbeitsbericht des Instituts für Wirtschaftsinformatik},
  journal       = {Arbeitsbericht des Instituts für Wirtschaftsinformatik},
  owner         = {schoenbrunn},
  timestamp     = {2007.07.26},
  url           = {http://www.wi.uni-muenster.de/inst/arbber/ab93.pdf},
}

@InCollection{Becker2004a,
  author        = {Jörg Becker and Björn Niehaves and Ralf Knackstedt},
  title         = {Bezugsrahmen zur epistemologischen Positionierung der Referenzmodellierung},
  booktitle     = {Referenzmodellierung: Grundlagen, Techniken und domänenbezogene Anwendung},
  publisher     = {Physica-Verlag},
  year          = {2004},
  editor        = {Jörg Becker and Patrick Delfmann},
  pages         = {1--13},
  address       = {Heidelberg},
  __markedentry = {[heinrich:6]},
  owner         = {schoenbrunn},
  timestamp     = {2007.07.26},
}

@Book{Bortz2005,
  title         = {Forschungsmethoden und Evaluation für Sozialwissenschaftler},
  publisher     = {Springer},
  year          = {2015},
  author        = {Jürgen Bortz and Nicola Döring},
  address       = {Heidelberg},
  edition       = {{4. überarb.}},
  __markedentry = {[heinrich:6]},
  owner         = {schoenbrunn},
  timestamp     = {2007.07.26},
}

@Article{Braun2007,
  author        = {Robert Braun},
  title         = {Forschungsdesign in der Wirtschaftsinformatik},
  journal       = {WISU -- Das Wirtschaftsstudium},
  year          = {2007},
  volume        = {36},
  number        = {1},
  pages         = {61--66},
  __markedentry = {[heinrich:6]},
  owner         = {schoenbrunn},
  timestamp     = {2007.07.26},
}

@InProceedings{Braun2006,
  author        = {Robert Braun AND Werner Esswein},
  title         = {Eine Methode zur Konzeption von Forschungsdesigns in der konzeptuellen Modellierungsforschung},
  booktitle     = {Integration, Informationslogistik und Architektur: DW 2006},
  year          = {2006},
  editor        = {Joachim Schelp and Robert Winter and Ulrich Frank and Bodo Rieger and Klaus Turowski},
  pages         = {143--171},
  address       = {Bonn},
  organization  = {Gesellschaft für Informatik},
  note          = {Lecture Notes in Informatics, P-90},
  __markedentry = {[heinrich:6]},
  owner         = {schoenbrunn},
  timestamp     = {2007.07.26},
}

@Book{Brockhaus2006,
  title         = {Brockhaus-Enzyklopädie},
  publisher     = {Brockhaus},
  year          = {2006},
  author        = {Brockhaus},
  volume        = {30},
  address       = {Leipzig; Mannheim},
  edition       = {{21., völlig neu bearb.}},
  __markedentry = {[heinrich:6]},
  owner         = {schoenbrunn},
  timestamp     = {2007.07.26},
}

@Book{Brockhaus2006a,
  title         = {Brockhaus-Enzyklopädie},
  publisher     = {Brockhaus},
  year          = {2006},
  author        = {Brockhaus},
  volume        = {20},
  address       = {Leipzig; Mannheim},
  edition       = {{21., völlig neu bearb.}},
  __markedentry = {[heinrich:6]},
  owner         = {schoenbrunn},
  timestamp     = {2007.07.26},
}

@Book{Brockhaus2006b,
  title         = {Brockhaus-Enzyklopädie},
  publisher     = {Brockhaus},
  year          = {2006},
  author        = {Brockhaus},
  volume        = {8},
  address       = {Leipzig; Mannheim},
  edition       = {{21., völlig neu bearb.}},
  __markedentry = {[heinrich:6]},
  owner         = {schoenbrunn},
  timestamp     = {2007.07.26},
}

@Article{Bruehl2006,
  author        = {Rolf Brühl},
  title         = {Abduktion und Induktion in wissenschaftlichen Untersuchungen},
  journal       = {Wirtschaftswissenschaftliches Studium},
  year          = {2006},
  volume        = {35},
  number        = {4},
  pages         = {182--186},
  __markedentry = {[heinrich:6]},
  owner         = {schoenbrunn},
  timestamp     = {2007.07.26},
}

@Article{Chintagunta2003,
  author        = {Pradeep Chintagunta AND Jean-Pierre Dubé AND Vishal Singh},
  title         = {Balancing Profitability and Customer Welfare in a Supermarket Chain},
  journal       = {Quantitative Marketing and Economics},
  year          = {2003},
  volume        = {1},
  number        = {1},
  pages         = {111-147},
  __markedentry = {[heinrich:6]},
  owner         = {schoenbrunn},
  timestamp     = {2007.07.24},
}

@Book{Dudenredaktion2014,
  title         = {Duden 01 - Die deutsche Rechtschreibung},
  publisher     = {Bibliographisches Institut},
  year          = {2014},
  author        = {Dudenredaktion},
  address       = {Mannheim},
  edition       = {{26., völlig neubearb. und erw.}},
  __markedentry = {[heinrich:6]},
  owner         = {schoenbrunn},
  timestamp     = {2007.07.27},
}

@Book{Eco2005,
  title         = {Wie man eine wissenschaftliche Abschlussarbeit schreibt},
  publisher     = {Müller},
  year          = {2010},
  author        = {Eco, U.},
  address       = {Heidelberg},
  edition       = {13.},
  __markedentry = {[heinrich:6]},
  owner         = {schoenbrunn},
  timestamp     = {2007.08.24},
}

@Unpublished{Gehlert2007,
  author        = {Andreas Gehlert},
  title         = {Erarbeitung einer Forschungsmethode für die Entwurfsforschung},
  note          = {{D}iskussionspapier zum Dokotorandenseminar der Fakultät Wirtschaftswissenschaften der Technischen Universität Dresden am 16.01.2007},
  month         = {Januar},
  year          = {2007},
  __markedentry = {[heinrich:6]},
  file          = {Gehlert - Forschungsmethode.pdf:D\:\\UNI\\10.Semester\\Latex\\04_Literaturrecherche\\Gehlert - Forschungsmethode.pdf:PDF},
  owner         = {schoenbrunn},
  timestamp     = {2007.07.26},
}

@InProceedings{Heinrich2007,
  author        = {Lutz J. Heinrich},
  title         = {Forschungsmethodik einer Integrationsdisziplin: Ein Beitrag zur Geschichte der Wirtschaftsinformatik},
  booktitle     = {NTM (International Journal of History \& Ethics of Natural Sciences, Technology \& Medicine},
  year          = {2005},
  series        = {13 Jg.},
  pages         = {104--117},
  __markedentry = {[heinrich:6]},
  owner         = {schoenbrunn},
  timestamp     = {2007.07.26},
}

@Book{Heinrich2005,
  title         = {Wirtschaftsinformatik: Einführung und Grundlegung},
  publisher     = {Oldenbourg Wissenschaftsverlag GmbH},
  year          = {2010},
  author        = {Lutz J. Heinrich and Armin Heinzl and Friedrich Roithmayr},
  address       = {München/Wien},
  edition       = {4.},
  __markedentry = {[heinrich:6]},
  owner         = {schoenbrunn},
  timestamp     = {2007.07.26},
}

@InProceedings{Hilbert2003,
  author        = {Andreas Hilbert AND Stefan Etschberger},
  title         = {Evolutionary Strategies in Multidimensional Scaling},
  booktitle     = {Between Data Science and Applied Data Analysis, Proceedings of the 26th Annual Conference of the Gesellschaft für Klassifikation e.V.},
  year          = {2003},
  editor        = {Schader, M. AND Gaul, W. AND M. Vichi},
  pages         = {209 - 217},
  publisher     = {Springer, Berlin, Heidelberg, New York et al.},
  __markedentry = {[heinrich:6]},
  owner         = {schoenbrunn},
  timestamp     = {2007.07.24},
}

@TechReport{Hilbert2004,
  author        = {Andreas Hilbert AND Sascha Reithel},
  title         = {Empirische Evaluation eines Kausalmodells zur Erklärung der Kundenbindung - am Beispiel des High-Involvement-Produktes Automobil},
  institution   = {Technische Universität Dresden, Fakultät Wirtschaftswissenschaften},
  year          = {2004},
  type          = {Dresdner Beiträge zur Wirtschaftsinformatik},
  number        = {46},
  __markedentry = {[heinrich:6]},
  owner         = {schoenbrunn},
  timestamp     = {2007.07.24},
}

@InCollection{Hilbert2007a,
  author        = {Andreas Hilbert AND Karolin Schönbrunn},
  title         = {Student Relationship Management – Grundlagen und Einsatzpotentiale},
  booktitle     = {Wirtschaftsinformatik im Fokus der modernen Wissenschaftsökonomik},
  publisher     = {TUDpress, Dresden},
  year          = {2007a},
  editor        = {Blum, U.; Eckstein, A.; Eckstein, A.},
  pages         = {267 – 283},
  __markedentry = {[heinrich:6]},
  owner         = {schoenbrunn},
  timestamp     = {2007.04.26},
}

@InCollection{Hilbert2007b,
  author        = {Andreas Hilbert AND Karolin Schönbrunn},
  title         = {Data Mining in Higher Education},
  booktitle     = {Advances in Data Analysis},
  publisher     = {Springer-Verlag, Heidelberg-Berlin},
  year          = {2007b},
  editor        = {Lenz, H.-J.; Decker, R.},
  pages         = {489 - 496},
  __markedentry = {[heinrich:6]},
  owner         = {schoenbrunn},
  timestamp     = {2007.04.26},
}

@InCollection{Hug2001,
  author        = {Theo Hug},
  title         = {Erhebung und Auswertung empirischer Daten: Eine Skizze für AnfängerInnen und leicht Fortgeschrittene},
  booktitle     = {Wie kommt Wissenschaft zu Wissen? Einführung in die Forschungsmethodik und Forschungspraxis},
  publisher     = {Schneider Verlag},
  year          = {2001},
  editor        = {Theo Hug},
  volume        = {2},
  pages         = {11--29},
  __markedentry = {[heinrich:6]},
  owner         = {schoenbrunn},
  timestamp     = {2007.07.26},
}

@Book{Inmon2005,
  title         = {Building the Data Warehouse},
  publisher     = {Wiley Publishing, Inc.},
  year          = {2005},
  author        = {William H. Inmon},
  address       = {Indianapolis, Indiana},
  edition       = {4.},
  __markedentry = {[heinrich:6]},
  owner         = {schoenbrunn},
  timestamp     = {2007.07.09},
}

@Book{Kemper2004,
  title         = {Business Intelligence - Grundlagen und praktische Anwendungen},
  publisher     = {Vieweg, Wiesbaden},
  year          = {2004},
  author        = {Hans-Georg Kemper AND Walid Mehanna AND Carsten Unger},
  __markedentry = {[heinrich:6]},
  owner         = {schoenbrunn},
  timestamp     = {2007.05.04},
}

@Book{Kornmeier2007,
  title         = {Wissenschaftstheorie und wissenschaftliches Arbeiten. Eine Einführung für Wirtschaftswissenschaftler},
  publisher     = {Physica-Verlag},
  year          = {2007},
  author        = {Martin Kornmeier},
  address       = {Heidelberg},
  isbn          = {3790819182},
  __markedentry = {[heinrich:6]},
  owner         = {schoenbrunn},
  price         = {EUR 16,95},
  timestamp     = {2007.07.26},
}

@Misc{Langzeitstudis.twoday.net2007,
  author        = {Langzeitstudis.twoday.net},
  title         = {Langzeitstudis gegen Studiengebühren},
  year          = {2007},
  __markedentry = {[heinrich:6]},
  comment       = {{Abruf am 01.10.2015}},
  owner         = {schoenbrunn},
  timestamp     = {2007.07.27},
  url           = {http://langzeitstudis.twoday.net/stories/3182343/},
}

@InProceedings{Mertens2005,
  author        = {Peter Mertens},
  title         = {Gefahren für die Wirtschaftsinformatik - Risikoanalyse eines Faches},
  booktitle     = {Wirtschaftsinformatik 2005},
  year          = {2005},
  editor        = {Ferstl, O. K. AND Sinz, E. J. AND Eckert, S. AND Isselhorst, T.},
  pages         = {1733-1754},
  address       = {Heidelberg},
  publisher     = {Physika},
  __markedentry = {[heinrich:6]},
  owner         = {schoenbrunn},
  timestamp     = {2007.07.24},
}

@Book{Mertens2005a,
  title         = {Grundzüge der Wirtschaftsinformatik},
  publisher     = {Springer, Berlin, Heidelberg},
  year          = {2005},
  author        = {Peter Mertens},
  edition       = {{9., überarb.}},
  __markedentry = {[heinrich:6]},
  owner         = {schoenbrunn},
  timestamp     = {2007.07.24},
}

@TechReport{Mertens2002,
  author        = {Peter Mertens},
  title         = {Business Intelligence - Ein Überblick},
  institution   = {Universität Erlangen-Nürnberg - Bereich Wirtschaftsinformatik I},
  year          = {2002},
  type          = {Arbeitspapier},
  number        = {2/2002},
  __markedentry = {[heinrich:6]},
  owner         = {schoenbrunn},
  timestamp     = {2007.04.26},
}

@Misc{SCIP2007,
  author        = {SCIP},
  title         = {The Society of Competitive Intelligence Professionals},
  year          = {2007},
  note          = {{Abruf am: 25.11.2005}},
  __markedentry = {[heinrich:6]},
  owner         = {schoenbrunn},
  timestamp     = {2007.07.24},
  url           = {http://www.scip.org/},
}

@Book{Spoun2005,
  title         = {Erfolgreich studieren. Ein Handbuch für Wirtschafts- und Sozialwissenschaftler},
  publisher     = {Pearson Studium},
  year          = {2005},
  author        = {Sascha Spoun and Dominik Battiste Domnik},
  series        = {Nachdr.},
  address       = {München},
  isbn          = {3827371686},
  __markedentry = {[heinrich:6]},
  owner         = {schoenbrunn},
  timestamp     = {2007.07.26},
}

@Book{Standop1998,
  title         = {Die Form der wissenschaftlichen Arbeit: Grundlagen, Technik und Praxis für Schule, Studium und Beruf},
  publisher     = {Quelle \& Meyer Verlag},
  year          = {2008},
  author        = {Ewald Standop AND Matthias Meyer},
  address       = {Heidelberg},
  edition       = {{18., überarb. Aufl.}},
  __markedentry = {[heinrich:6]},
  owner         = {schoenbrunn},
  timestamp     = {2007.07.27},
}

@Book{Theisen2006,
  title         = {Wissenschaftliches Arbeiten},
  publisher     = {Verlag Franz Vahlen},
  year          = {2013},
  author        = {Manuel René Theisen},
  address       = {München},
  edition       = {16.},
  __markedentry = {[heinrich:6]},
}

@Misc{Toepfer2005,
  author        = {Armin Töpfer},
  title         = {Leitfaden zur Anfertigung von wissenschaftlichen Arbeiten (Für Diplomarbeiten nach neuer DPO)},
  howpublished  = {Lehrstuhl für Marktorientierte Unternehmensführung, Technische Universität Dresden},
  month         = {August},
  year          = {2005},
  note          = {{A}bruf am 23.05.2007},
  __markedentry = {[heinrich:6]},
  owner         = {schoenbrunn},
  timestamp     = {2007.07.26},
  url           = {http://tu-dresden.de/die_tu_dresden/fakultaeten/fakultaet_wirtschaftswissenschaften/bwl/muf/download_dateien/leitfaden_fuer_da_nach_dpo_2003_aug_2005.pdf},
}

@Misc{TUDresden2007,
  author        = {{TU-Dresden}},
  title         = {Aktuelle Informationen zur Umstellung auf die Bachelor- und Masterstudiengänge},
  month         = {April},
  year          = {2007},
  note          = {{A}bruf am 25.05.2007},
  __markedentry = {[heinrich:6]},
  owner         = {schoenbrunn},
  timestamp     = {2007.07.26},
  url           = {http://www.tu-dresden.de/wiwi/index.php?id=144},
}

@Misc{Uhr2004,
  author        = {Wolfgang Uhr},
  title         = {Gestaltungshinweise für die Anfertigung von wissenschaftlichen Arbeiten},
  howpublished  = {Lehrstuhl Wirtschaftsinformatik, insbes. Informationssysteme in Industrie und Handel, Technische Universität Dresden},
  year          = {2004},
  note          = {{A}bruf am 23.05.2007},
  __markedentry = {[heinrich:6]},
  owner         = {schoenbrunn},
  timestamp     = {2007.07.26},
  url           = {http://www.tu-dresden.de/wwwiisih/ftp/sonst/gestaltungshinweise.pdf},
}

@Book{Ulrich2004,
  title         = {Wissenschaftstheorie in Ökonomie und Wirtschaftsinformatik: Theoriebildung und -bewertung, Ontologien, Wissensmanagement},
  publisher     = {Deutscher Universitäts Verlag},
  year          = {2004},
  author        = {Frank Ulrich},
  __markedentry = {[heinrich:6]},
  owner         = {schoenbrunn},
  timestamp     = {2007.07.26},
}

@TechReport{Wilde2006,
  author        = {Thomas Wilde and Thomas Hess},
  title         = {Methodenspektrum der Wirtschaftsinformatik: Überblick und Portfoliobildung},
  institution   = {Institut für Wirtschaftsinformatik und Neue Medien der Ludwig-Maximilians-Universität München},
  year          = {2006},
  number        = {2},
  note          = {{A}bruf am 24.04.2007},
  __markedentry = {[heinrich:6]},
  file          = {ab_2006_02.pdf:D\:\\UNI\\10.Semester\\Latex\\04_Literaturrecherche\\ab_2006_02.pdf:PDF},
  journal       = {Arbeitspapiere des Instituts für Wirtschaftsinformatik und Neue Medien, LMU München},
  owner         = {schoenbrunn},
  timestamp     = {2007.07.26},
  url           = {http://www.wim.bwl.uni-muenchen.de/download_free/sonstiges/ab_2006_02.pdf},
  volume        = {2},
}

@PhdThesis{Wolf2001,
  author        = {Stefan Wolf},
  title         = {Wissenschaftstheoretische und fachmethodische Grundlagen der Konstruktion von generischen Referenzmodellen betrieblicher Systeme},
  school        = {Otto-Friedrich-Universität Bamberg},
  year          = {2001},
  type          = {Dissertation},
  __markedentry = {[heinrich:6]},
  owner         = {schoenbrunn},
  timestamp     = {2007.07.26},
}

@Comment{jabref-meta: databaseType:bibtex;}
